% Encoding: UTF8
@misc{python-bitcoinlib:online,
author = {},
title = {petertodd/python-bitcoinlib: Python2/3 library providing an easy interface to the Bitcoin data structures and protocol.},
howpublished = {\url{https://github.com/petertodd/python-bitcoinlib}},
month = {},
year = {},
note = {(Accessed on 05/16/2017)}
}
@misc{pybitcointools:online,
author = {},
title = {vbuterin/pybitcointools: SImple, common-sense Bitcoin-themed Python ECC library},
howpublished = {\url{https://github.com/vbuterin/pybitcointools}},
month = {},
year = {},
note = {(Accessed on 05/16/2017)}
}
@misc{bitcoin-core:online,
author = {},
title = {bitcoin/bitcoin: Bitcoin Core integration/staging tree},
howpublished = {\url{https://github.com/bitcoin/bitcoin}},
month = {},
year = {},
note = {(Accessed on 05/16/2017)}
}
@misc{bitnodes21-nodes:online,
author = {},
title = {Network Snapshot - Bitnodes},
howpublished = {\url{https://bitnodes.21.co/nodes/}},
month = {},
year = {},
note = {(Accessed on 05/16/2017)}
}
@misc{bip-65:online,
author = {},
title = {bips/bip-0065.mediawiki at master Â· bitcoin/bips},
howpublished = {\url{https://github.com/bitcoin/bips/blob/master/bip-0065.mediawiki}},
month = {October},
year = {2014},
note = {(Accessed on 05/17/2017)}
}
@misc{soroushjp-multisig:online,
author = {},
title = {Bitcoin multisig the hard way: Understanding raw P2SH multisig transactions},
howpublished = {\url{http://www.soroushjp.com/2014/12/20/bitcoin-multisig-the-hard-way-understanding-raw-multisignature-bitcoin-transactions/}},
month = {December},
year = {2014},
note = {(Accessed on 05/17/2017)}
}
@misc{bitcoin-ide-lopp:online,
author = {},
title = {How to set up an IDE for developing Bitcoin Core on Linux},
howpublished = {\url{https://medium.com/@lopp/how-to-set-up-an-ide-for-developing-bitcoin-core-on-linux-193bd313acb1}},
month = {},
year = {},
note = {(Accessed on 05/17/2017)}
}
@inproceedings{decker2015fast,
  title={A fast and scalable payment network with bitcoin duplex micropayment channels},
  author={Decker, Christian and Wattenhofer, Roger},
  booktitle={Symposium on Self-Stabilizing Systems},
  pages={3--18},
  year={2015},
  organization={Springer}
}
@misc{se-locktime-persist:online,
author = {},
title = {locktime - nLockTime transactions, how do they persist? Are they broadcast before they are valid? - Bitcoin Stack Exchange},
howpublished = {\url{https://bitcoin.stackexchange.com/questions/26937/nlocktime-transactions-how-do-they-persist-are-they-broadcast-before-they-are}},
month = {June},
year = {2014},
note = {(Accessed on 05/18/2017)}
}
@misc{se-locktime-understanding:online,
author = {},
title = {sequence - Is my understanding of locktime correct? - Bitcoin Stack Exchange},
howpublished = {\url{https://bitcoin.stackexchange.com/questions/40764/is-my-understanding-of-locktime-correct}},
month = {October},
year = {2015},
note = {(Accessed on 05/18/2017)}
}
@misc{se-locktime-specification:online,
author = {},
title = {How is time encoded (BIP65) in scripts? - Bitcoin Stack Exchange},
howpublished = {\url{https://bitcoin.stackexchange.com/questions/39119/how-is-time-encoded-bip65-in-scripts}},
month = {August},
year = {2015},
note = {(Accessed on 05/18/2017)}
}