% Encoding: UTF8

@misc{tbtc_blockr_io_charts:online,
author = {},
title = {Testnet BTC charts | blockr.io},
howpublished = {\url{https://tbtc.blockr.io/charts}},
month = {},
year = {},
note = {(Accessed on 04/04/2017)}
}
@misc{bitcoin_coursera:online,
publisher = {Princeton University},
title = {Bitcoin and Cryptocurrency Technologies - Princeton University | Coursera},
howpublished = {\url{https://www.coursera.org/learn/cryptocurrency/}},
month = {},
year = {},
note = {(Accessed on 04/04/2017)}
}
@misc{bitcoin_wiki:online,
author = {},
title = {Bitcoin Wiki},
howpublished = {\url{https://en.bitcoin.it/wiki/Main_Page}},
month = {},
year = {},
note = {(Accessed on 04/04/2017)}
}
@misc{webbtc:online,
author = {},
title = {Bitcoin BlockBrowser},
howpublished = {\url{https://webbtc.com}},
month = {},
year = {},
note = {(Accessed on 04/04/2017)}
}
@misc{blockr_btc:online,
author = {},
title = {Blockchain Explorer Price Charts | Blockr.io},
howpublished = {\url{https://btc.blockr.io/}},
month = {},
year = {},
note = {(Accessed on 04/04/2017)}
}
@misc{blockr_tbtc:online,
author = {},
title = {Testnet BTC Block Explorer | blockr.io},
howpublished = {\url{https://tbtc.blockr.io/}},
month = {},
year = {},
note = {(Accessed on 04/04/2017)}
}
@misc{bitcoin_wiki_raw_tx:online,
author = {},
title = {File:TxBinaryMap.png - Bitcoin Wiki},
howpublished = {\url{https://en.bitcoin.it/wiki/File:TxBinaryMap.png}},
month = {},
year = {},
note = {(Accessed on 04/04/2017)}
}
@misc{bitcoin_wiki_tx:online,
author = {},
title = {Transaction - Bitcoin Wiki},
howpublished = {\url{https://en.bitcoin.it/wiki/Transaction}},
month = {},
year = {},
note = {(Accessed on 04/04/2017)}
}
@misc{bitcoin_wiki_script:online,
author = {},
title = {Script - Bitcoin Wiki},
howpublished = {\url{https://en.bitcoin.it/wiki/Script}},
month = {},
year = {},
note = {(Accessed on 04/04/2017)}
}
@misc{siliconian_raw_tx:online,
author = {},
title = {Deconstructing Bitcoin Transactions Part 1 - Siliconian},
howpublished = {\url{https://www.siliconian.com/blog/16-bitcoin-blockchain/22-deconstructing-bitcoin-transactions}},
month = {},
year = {},
note = {(Accessed on 04/04/2017)}
}
@misc{stackoverflow_raw_tx:online,
author = {},
title = {transactions - How to redeem a basic Tx? - Bitcoin Stack Exchange},
howpublished = {\url{http://bitcoin.stackexchange.com/questions/3374/how-to-redeem-a-basic-tx}},
month = {},
year = {},
note = {(Accessed on 04/04/2017)}
}
@misc{bitcoin_wiki_sign:online,
author = {},
title = {OP\_CHECKSIG - Bitcoin Wiki},
howpublished = {\url{https://en.bitcoin.it/wiki/OP_CHECKSIG}},
month = {},
year = {},
note = {(Accessed on 04/05/2017)}
}
@misc{stackoverflow_signature_der:online,
author = {},
title = {bitcoin core - Why the signature is always 65 (1+32+32) bytes long? - Bitcoin Stack Exchange},
howpublished = {\url{http://bitcoin.stackexchange.com/questions/12554/why-the-signature-is-always-65-13232-bytes-long}},
month = {},
year = {},
note = {(Accessed on 04/05/2017)}
}
@misc{webbtc_script:online,
author = {},
title = {Bitcoin BlockBrowser - Debug Script Execution},
howpublished = {\url{https://webbtc.com/script/ce97c4ebc6a058dbb775cf8d7d95aa06a8728673c482a6a721911185b39c332a:0}},
month = {},
year = {},
note = {(Accessed on 04/05/2017)}
}
@misc{hashmal:online,
author = {},
title = {mazaclub/hashmal: Hashmal},
howpublished = {\url{https://github.com/mazaclub/hashmal}},
month = {},
year = {},
note = {(Accessed on 04/05/2017)}
}
@misc{bitcoin_github:online,
author = {},
title = {bitcoin/bitcoin: Bitcoin Core integration/staging tree},
howpublished = {\url{https://github.com/bitcoin/bitcoin}},
month = {},
year = {},
note = {(Accessed on 04/05/2017)}
}
@misc{ethereum:online,
author = {},
title = {Ethereum Project},
howpublished = {\url{https://www.ethereum.org/}},
month = {},
year = {},
note = {(Accessed on 04/05/2017)}
}
@misc{python-bitcoinlib:online,
author = {},
title = {petertodd/python-bitcoinlib: Python2/3 library providing an easy interface to the Bitcoin data structures and protocol.},
howpublished = {\url{https://github.com/petertodd/python-bitcoinlib}},
month = {},
year = {},
note = {(Accessed on 04/06/2017)}
}
@misc{pybitcointools:online,
author = {},
title = {vbuterin/pybitcointools: SImple, common-sense Bitcoin-themed Python ECC library},
howpublished = {\url{https://github.com/vbuterin/pybitcointools}},
month = {},
year = {},
note = {(Accessed on 04/06/2017)}
}
@misc{bitcoin_magazine_bidir_pc:online,
author = {},
title = {Understanding the Lightning Network, Part 1: Building a Bidirectional Bitcoin Payment Channel | Bitcoin Magazine},
howpublished = {\url{https://bitcoinmagazine.com/articles/understanding-the-lightning-network-part-building-a-bidirectional-payment-channel-1464710791/}},
month = {},
year = {},
note = {(Accessed on 04/06/2017)}
}
@misc{soroushjp_multisig:online,
author = {},
title = {Bitcoin multisig the hard way: Understanding raw P2SH multisig transactions},
howpublished = {\url{http://www.soroushjp.com/2014/12/20/bitcoin-multisig-the-hard-way-understanding-raw-multisignature-bitcoin-transactions/}},
month = {},
year = {},
note = {(Accessed on 04/06/2017)}
}
@inproceedings{decker2015fast,
  title={A fast and scalable payment network with bitcoin duplex micropayment channels},
  author={Decker, Christian and Wattenhofer, Roger},
  booktitle={Symposium on Self-Stabilizing Systems},
  pages={3--18},
  year={2015},
  organization={Springer}
}