@misc{bitcoin-mailing-list-post:online,
author = {Satoshi Nakamoto},
title = {Bitcoin P2P e-cash paper},
howpublished = {\url{http://www.mail-archive.com/cryptography@metzdowd.com/msg09959.html}},
day = {8},
month = {November},
year = {2008},
note = {(Accessed on 06/09/2017)}
}
@misc{bitcoin-whitepaper:online,
author = {Satoshi Nakamoto},
title = {Bitcoin: A Peer-to-Peer Electronic Cash System},
howpublished = {\url{https://bitcoin.org/bitcoin.pdf}},
month = {November},
year = {2008},
note = {(Accessed on 06/10/2017)}
}
@misc{scalability-roadmap:online,
author = {Gavin Andresen},
title = {A Scalability Roadmap},
howpublished = {\url{https://bitcointalk.org/index.php?topic=813324.0}},
month = {October},
year = {2014},
note = {(Accessed on 06/10/2017)}
}
@misc{blockchain-tx-per-block:online,
author = {Blockchain Luxembourg S.A.R.L.},
title = {Average Number Of Transactions Per Block - Blockchain},
howpublished = {\url{https://blockchain.info/es/charts/n-transactions-per-block}},
month = {},
year = {},
note = {(Accessed on 06/10/2017)}
}
@misc{blockchain-block-size:online,
author = {Blockchain Luxembourg S.A.R.L.},
title = {Average Block Size - Blockchain},
howpublished = {\url{https://blockchain.info/es/charts/avg-block-size}},
month = {},
year = {},
note = {(Accessed on 06/10/2017)}
}
@misc{blockchain-confirmation-time:online,
author = {Blockchain Luxembourg S.A.R.L.},
title = {Average Confirmation Time - Blockchain},
howpublished = {\url{https://blockchain.info/es/charts/avg-confirmation-time}},
month = {},
year = {},
note = {(Accessed on 06/10/2017)}
}
@misc{blockchain-size:online,
author = {Blockchain Luxembourg S.A.R.L.},
title = {Blockchain Size - Blockchain},
howpublished = {\url{https://blockchain.info/charts/blocks-size}},
month = {},
year = {},
note = {(Accessed on 06/10/2017)}
}
@misc{bitcoin-wiki-proof-of-work:online,
author = {},
title = {Proof of work - Bitcoin Wiki},
howpublished = {\url{https://en.bitcoin.it/wiki/Proof\_of\_work}},
month = {November},
year = {2011},
note = {(Accessed on 06/10/2017)}
}
@misc{segwit-org:online,
author = {},
title = {SegWit Resources},
howpublished = {\url{https://segwit.org/}},
month = {},
year = {},
note = {(Accessed on 06/10/2017)}
}
@misc{bitcoin-unlimited:online,
author = {},
title = {Bitcoin Unlimited},
howpublished = {\url{https://www.bitcoinunlimited.info/}},
month = {},
year = {},
note = {(Accessed on 06/10/2017)}
}
@misc{bitcoin-wiki-payment-channels:online,
author = {},
title = {Payment channels - Bitcoin Wiki},
howpublished = {\url{https://en.bitcoin.it/wiki/Payment\_channels}},
month = {},
year = {},
note = {(Accessed on 06/10/2017)}
}
@misc{bitcoin-wiki-script:online,
author = {},
title = {Script - Bitcoin Wiki},
howpublished = {\url{https://en.bitcoin.it/wiki/Script}},
month = {},
year = {},
note = {(Accessed on 06/10/2017)}
}
@misc{bitcoin-wiki-contract:online,
author = {Mike Hearn and Jeremy Spilman},
title = {Contract - Bitcoin Wiki},
howpublished = {\url{https://en.bitcoin.it/wiki/Contract}},
month = {},
year = {},
note = {(Accessed on 06/11/2017)}
}
@misc{bip-65:online,
author = {Peter Todd},
title = {bips/bip-0065.mediawiki at master Â· bitcoin/bips},
howpublished = {\url{https://github.com/bitcoin/bips/blob/master/bip-0065.mediawiki}},
month = {October},
year = {2014},
note = {(Accessed on 06/11/2017)}
}
@inproceedings{decker2015fast,
  title={A fast and scalable payment network with bitcoin duplex micropayment channels},
  author={Decker, Christian and Wattenhofer, Roger},
  booktitle={Symposium on Self-Stabilizing Systems},
  pages={3--18},
  year={2015},
  organization={Springer}
}
@misc{poon2015bitcoin,
  title={The bitcoin lightning network: Scalable off-chain instant payments},
  author={Poon, Joseph and Dryja, Thaddeus},
  year={2015},
  publisher={Technical Report (draft). https://lightning.network}
}
@misc{bitcoin-wiki-proto:online,
author = {},
title = {Protocol documentation - Bitcoin Wiki},
howpublished = {\url{https://en.bitcoin.it/wiki/Protocol_documentation}},
month = {},
year = {},
note = {(Accessed on 06/12/2017)}
}
@misc{bitcoin-org-developer:online,
author = {},
title = {Developer Guide - Bitcoin},
howpublished = {\url{https://bitcoin.org/en/developer-guide}},
month = {},
year = {},
note = {(Accessed on 06/12/2017)}
}